Timestamp,Temperature (C),Humidity (%),Pressure (hPa)
2024-07-09 11:19:39.322305,22.15,38.52,955.23
2024-07-09 11:19:40.327382,22.15,38.5,955.23
2024-07-09 11:19:41.325197,22.14,38.48,955.23
2024-07-09 11:19:42.325787,22.14,38.51,955.22
2024-07-09 11:19:43.329621,22.13,38.55,955.23
2024-07-09 11:19:44.336800,22.13,38.55,955.25
2024-07-09 11:19:45.336149,22.13,38.47,955.23
2024-07-09 11:19:46.336226,22.12,38.37,955.22
2024-07-09 11:19:47.336684,22.12,38.35,955.24
2024-07-09 11:19:48.340931,22.12,38.31,955.24
2024-07-09 11:19:49.341324,22.11,38.26,955.22
2024-07-09 11:19:50.344893,22.11,38.23,955.24
2024-07-09 11:19:51.350819,22.11,38.12,955.23
2024-07-09 11:19:52.349472,22.1,38.05,955.2
2024-07-09 11:19:53.356383,22.09,37.96,955.23
2024-07-09 11:19:54.357295,22.09,37.9,955.23
2024-07-09 11:19:55.359314,22.09,37.83,955.24
2024-07-09 11:19:56.365257,22.09,37.78,955.21
2024-07-09 11:19:57.360086,22.08,37.7,955.24
2024-07-09 11:19:58.365126,22.07,37.61,955.25
2024-07-09 11:19:59.363528,22.07,37.53,955.22
2024-07-09 11:20:00.375767,22.07,37.48,955.24
2024-07-09 11:20:01.371094,22.07,37.45,955.25
2024-07-09 11:20:02.380384,22.06,37.45,955.25
2024-07-09 11:20:03.378965,22.05,37.49,955.24
2024-07-09 11:20:04.385080,22.05,37.47,955.23
2024-07-09 11:20:05.382118,22.05,37.44,955.25
2024-07-09 11:20:06.390229,22.04,37.39,955.25
2024-07-09 11:20:07.388119,22.04,37.38,955.24
2024-07-09 11:20:08.390740,22.03,37.36,955.22
2024-07-09 11:20:09.395766,22.03,37.35,955.24
2024-07-09 11:20:10.395884,22.03,37.34,955.23
2024-07-09 11:20:11.393821,22.03,37.33,955.22
2024-07-09 11:20:12.403993,22.02,37.32,955.24
2024-07-09 11:20:13.400230,22.02,37.29,955.25
2024-07-09 11:20:14.409988,22.01,37.2,955.23
2024-07-09 11:20:15.406630,22.01,37.06,955.24
2024-07-09 11:20:16.412142,22.0,36.95,955.22
2024-07-09 11:20:17.410581,21.99,36.85,955.22
2024-07-09 11:20:18.416152,21.98,36.76,955.21
2024-07-09 11:20:19.419695,21.97,36.69,955.24
2024-07-09 11:20:20.424363,21.97,36.64,955.21
2024-07-09 11:20:21.423468,21.96,36.65,955.21
2024-07-09 11:20:22.425583,21.96,36.65,955.23
2024-07-09 11:20:23.424265,21.96,36.64,955.22
2024-07-09 11:20:24.428841,21.95,36.6,955.22
2024-07-09 11:20:25.429144,21.94,36.52,955.21
2024-07-09 11:20:26.432490,21.93,36.45,955.21
2024-07-09 11:20:27.436254,21.93,36.39,955.21
2024-07-09 11:20:28.441400,21.92,36.38,955.22
2024-07-09 11:20:29.444478,21.92,36.38,955.22
2024-07-09 11:20:30.447360,21.9,36.44,955.22
2024-07-09 11:20:31.449254,21.9,36.45,955.23
2024-07-09 11:20:32.454725,21.88,36.14,955.2
2024-07-09 11:20:33.447372,21.87,36.03,955.21
2024-07-09 11:20:34.456682,21.87,35.96,955.21
2024-07-09 11:20:35.459283,21.86,35.89,955.2
2024-07-09 11:20:36.459571,21.87,35.9,955.24
2024-07-09 11:20:37.460203,21.86,35.93,955.24
2024-07-09 11:20:38.465505,21.86,35.98,955.22
2024-07-09 11:20:39.466266,21.85,36.05,955.24
2024-07-09 11:20:40.467793,21.85,36.11,955.2
2024-07-09 11:20:41.474004,21.85,36.19,955.21
2024-07-09 11:20:42.474649,21.85,36.25,955.21
2024-07-09 11:20:43.478770,21.85,36.32,955.19
2024-07-09 11:20:44.478486,21.85,36.35,955.25
2024-07-09 11:20:45.481671,21.84,36.4,955.23
2024-07-09 11:20:46.488740,21.84,36.34,955.21
2024-07-09 11:20:47.488229,21.83,36.31,955.22
2024-07-09 11:20:48.489638,21.83,36.27,955.21
2024-07-09 11:20:49.491611,21.83,36.26,955.23
2024-07-09 11:20:50.495970,21.81,36.23,955.19
2024-07-09 11:20:51.495007,21.81,36.2,955.2
2024-07-09 11:20:52.499696,21.81,36.21,955.21
2024-07-09 11:20:53.495932,21.8,36.15,955.22
2024-07-09 11:20:54.503431,21.8,36.06,955.24
2024-07-09 11:20:55.500661,21.79,36.02,955.22
2024-07-09 11:20:56.508882,21.8,35.97,955.24
2024-07-09 11:20:57.507910,21.79,35.96,955.23
2024-07-09 11:20:58.516906,21.79,35.96,955.22
2024-07-09 11:20:59.515220,21.79,35.97,955.23
2024-07-09 11:21:00.518827,21.78,35.96,955.23
2024-07-09 11:21:01.518757,21.78,35.97,955.27
2024-07-09 11:21:02.522412,21.78,35.98,955.26
2024-07-09 11:21:03.525746,21.77,36.01,955.24
2024-07-09 11:21:04.529725,21.77,36.02,955.26
2024-07-09 11:21:05.530203,21.76,36.01,955.26
2024-07-09 11:21:06.537200,21.76,36.02,955.25
2024-07-09 11:21:07.536663,21.76,36.02,955.26
2024-07-09 11:21:08.535867,21.76,36.03,955.24
2024-07-09 11:21:09.535652,21.75,36.05,955.24
2024-07-09 11:21:10.544693,21.75,36.07,955.25
2024-07-09 11:21:11.542782,21.75,36.08,955.21
2024-07-09 11:21:12.550527,21.75,36.11,955.2
2024-07-09 11:21:13.550691,21.75,36.15,955.24
2024-07-09 11:21:14.549745,21.75,36.17,955.23
2024-07-09 11:21:15.554529,21.74,36.19,955.24
2024-07-09 11:21:16.561636,21.74,36.2,955.23
2024-07-09 11:21:17.560449,21.73,36.23,955.24
2024-07-09 11:21:18.566867,21.74,36.26,955.25
2024-07-09 11:21:19.566774,21.73,36.3,955.23
2024-07-09 11:21:20.564653,21.73,36.29,955.24
2024-07-09 11:21:21.570548,21.73,36.25,955.24
2024-07-09 11:21:22.570869,21.72,36.22,955.22
2024-07-09 11:21:23.576937,21.73,36.16,955.23
2024-07-09 11:21:24.581595,21.72,36.1,955.23
2024-07-09 11:21:25.576996,21.71,36.06,955.23
2024-07-09 11:21:26.581275,21.71,36.02,955.23
2024-07-09 11:21:27.581701,21.7,35.97,955.22
2024-07-09 11:21:28.588833,21.7,35.94,955.23
2024-07-09 11:21:29.589955,21.7,35.96,955.23
2024-07-09 11:21:30.596096,21.7,35.98,955.23
2024-07-09 11:21:31.592497,21.69,36.02,955.24
2024-07-09 11:21:32.595248,21.69,36.07,955.21
2024-07-09 11:21:33.597890,21.69,36.09,955.23
2024-07-09 11:21:34.600904,21.69,36.11,955.21
2024-07-09 11:21:35.598262,21.69,36.13,955.21
2024-07-09 11:21:36.605920,21.69,36.12,955.21
2024-07-09 11:21:37.603786,21.68,36.11,955.22
2024-07-09 11:21:38.614950,21.68,36.07,955.22
2024-07-09 11:21:39.609585,21.68,36.05,955.24
2024-07-09 11:21:40.616365,21.68,36.05,955.21
2024-07-09 11:21:41.618389,21.67,36.08,955.21
2024-07-09 11:21:42.620041,21.67,36.11,955.24
2024-07-09 11:21:43.621455,21.67,36.13,955.21
2024-07-09 11:21:44.628217,21.67,36.16,955.22
2024-07-09 11:21:45.626107,21.67,36.17,955.23
2024-07-09 11:21:46.631384,21.66,36.18,955.24
2024-07-09 11:21:47.629859,21.66,36.18,955.23
2024-07-09 11:21:48.637583,21.66,36.19,955.24
2024-07-09 11:21:49.634832,21.66,36.24,955.25
2024-07-09 11:21:50.641684,21.66,36.42,955.22
2024-07-09 11:21:51.642368,21.65,36.54,955.25
2024-07-09 11:21:52.648078,21.65,36.62,955.22
2024-07-09 11:21:53.647574,21.65,36.66,955.24
2024-07-09 11:21:54.654932,21.65,36.67,955.23
2024-07-09 11:21:55.653644,21.64,36.64,955.23
2024-07-09 11:21:56.656511,21.64,36.56,955.22
2024-07-09 11:21:57.652876,21.64,36.48,955.25
2024-07-09 11:21:58.659954,21.63,36.32,955.22
2024-07-09 11:21:59.659007,21.63,36.21,955.21
2024-07-09 11:22:00.668877,21.62,36.11,955.25
2024-07-09 11:22:01.663484,21.62,36.03,955.22
2024-07-09 11:22:02.672783,21.61,36.02,955.21
2024-07-09 11:22:03.673756,21.61,36.05,955.22
2024-07-09 11:22:04.675688,21.6,36.07,955.22
2024-07-09 11:22:05.677102,21.59,36.09,955.23
2024-07-09 11:22:06.681304,21.59,36.11,955.21
2024-07-09 11:22:07.680835,21.58,36.14,955.19
2024-07-09 11:22:08.685280,21.58,36.16,955.21
2024-07-09 11:22:09.687586,21.57,36.16,955.22
2024-07-09 11:22:10.686378,21.56,36.15,955.19
2024-07-09 11:22:11.687391,21.56,36.15,955.23
2024-07-09 11:22:12.694924,21.56,36.16,955.2
2024-07-09 11:22:13.696037,21.56,36.22,955.23
2024-07-09 11:22:14.702805,21.56,36.27,955.24
2024-07-09 11:22:15.698789,21.56,36.31,955.23
2024-07-09 11:22:16.704706,21.56,36.32,955.22
2024-07-09 11:22:17.703963,21.56,36.27,955.22
2024-07-09 11:22:18.708849,21.55,36.22,955.2
2024-07-09 11:22:19.713233,21.55,36.16,955.21
2024-07-09 11:22:20.716717,21.55,36.16,955.22
2024-07-09 11:22:21.713829,21.55,36.16,955.22
2024-07-09 11:22:22.716861,21.55,36.16,955.2
2024-07-09 11:22:23.718892,21.55,36.14,955.21
2024-07-09 11:22:24.727258,21.55,36.14,955.21
2024-07-09 11:22:25.722743,21.55,36.15,955.23
2024-07-09 11:22:26.732517,21.55,36.15,955.24
2024-07-09 11:22:27.729671,21.55,36.16,955.21
2024-07-09 11:22:28.736003,21.55,36.17,955.22
2024-07-09 11:22:29.737330,21.55,36.18,955.22
2024-07-09 11:22:30.736113,21.54,36.18,955.21
2024-07-09 11:22:31.735381,21.54,36.18,955.24
2024-07-09 11:22:32.741684,21.54,36.19,955.22
2024-07-09 11:22:33.744488,21.55,36.19,955.22
2024-07-09 11:22:34.745334,21.54,36.18,955.22
2024-07-09 11:22:35.746525,21.54,36.16,955.22
2024-07-09 11:22:36.751231,21.54,36.14,955.22
2024-07-09 11:22:37.755821,21.54,36.13,955.22
2024-07-09 11:22:38.758858,21.54,36.16,955.23
2024-07-09 11:22:39.758092,21.54,36.16,955.25
2024-07-09 11:22:40.766449,21.54,36.17,955.21
2024-07-09 11:22:41.765448,21.53,36.22,955.22
2024-07-09 11:22:42.769461,21.53,36.36,955.26
2024-07-09 11:22:43.764955,21.53,36.44,955.23
2024-07-09 11:22:44.774354,21.53,36.45,955.23
2024-07-09 11:22:45.774002,21.52,36.41,955.25
2024-07-09 11:22:46.780562,21.53,36.33,955.26
2024-07-09 11:22:47.780112,21.52,36.21,955.23
2024-07-09 11:22:48.785476,21.52,36.17,955.24
2024-07-09 11:22:49.781903,21.51,36.1,955.25
2024-07-09 11:22:50.788639,21.51,36.05,955.22
2024-07-09 11:22:51.787875,21.51,36.03,955.25
2024-07-09 11:22:52.795415,21.51,36.01,955.24
2024-07-09 11:22:53.789985,21.5,35.96,955.23
2024-07-09 11:22:54.795121,21.5,35.94,955.23
2024-07-09 11:22:55.801749,21.49,35.92,955.21
2024-07-09 11:22:56.801762,21.49,35.94,955.23
2024-07-09 11:22:57.801966,21.49,35.96,955.24
2024-07-09 11:22:58.805876,21.49,35.98,955.22
2024-07-09 11:22:59.808883,21.49,35.96,955.23
2024-07-09 11:23:00.815259,21.49,35.88,955.25
2024-07-09 11:23:01.810258,21.48,35.83,955.23
2024-07-09 11:23:02.819283,21.48,35.87,955.21
2024-07-09 11:23:03.815130,21.48,35.86,955.22
2024-07-09 11:23:04.822853,21.47,35.79,955.22
2024-07-09 11:23:05.824227,21.48,35.74,955.25
2024-07-09 11:23:06.828879,21.46,35.74,955.23
2024-07-09 11:23:07.827940,21.46,35.74,955.24
2024-07-09 11:23:08.832331,21.46,35.74,955.24
2024-07-09 11:23:09.830865,21.45,35.72,955.18
2024-07-09 11:23:10.841794,21.45,35.7,955.24
2024-07-09 11:23:11.834014,21.45,35.66,955.21
2024-07-09 11:23:12.846035,21.45,35.66,955.23
2024-07-09 11:23:13.838899,21.45,35.68,955.23
2024-07-09 11:23:14.852246,21.45,35.7,955.21
2024-07-09 11:23:15.846154,21.44,35.72,955.2
2024-07-09 11:23:16.856336,21.45,35.72,955.23
2024-07-09 11:23:17.854804,21.44,35.74,955.22
2024-07-09 11:23:18.861528,21.44,35.79,955.23
2024-07-09 11:23:19.858144,21.44,35.76,955.24
2024-07-09 11:23:20.862457,21.44,35.72,955.24
2024-07-09 11:23:21.865792,21.43,35.72,955.25
2024-07-09 11:23:22.864467,21.43,35.72,955.24
2024-07-09 11:23:23.868126,21.44,35.71,955.25
2024-07-09 11:23:24.871939,21.43,35.67,955.22
2024-07-09 11:23:25.871261,21.42,35.67,955.2
2024-07-09 11:23:26.874569,21.43,35.68,955.22
2024-07-09 11:23:27.879543,21.42,35.69,955.22
2024-07-09 11:23:28.879069,21.42,35.7,955.22
2024-07-09 11:23:29.884842,21.42,35.73,955.2
2024-07-09 11:23:30.889716,21.42,35.75,955.24
2024-07-09 11:23:31.884141,21.42,35.77,955.24
2024-07-09 11:23:32.887865,21.42,35.79,955.24
2024-07-09 11:23:33.890034,21.41,35.81,955.25
2024-07-09 11:23:34.895471,21.42,35.83,955.21
2024-07-09 11:23:35.897199,21.41,35.85,955.22
2024-07-09 11:23:36.900314,21.41,35.88,955.23
2024-07-09 11:23:37.898442,21.41,35.88,955.2
2024-07-09 11:23:38.906774,21.41,35.86,955.21
2024-07-09 11:23:39.906256,21.41,35.86,955.24
2024-07-09 11:23:40.908624,21.41,35.86,955.19
2024-07-09 11:23:41.912125,21.4,35.87,955.21
2024-07-09 11:23:42.918172,21.4,35.87,955.21
2024-07-09 11:23:43.919631,21.4,35.89,955.21
2024-07-09 11:23:44.920259,21.4,35.89,955.18
2024-07-09 11:23:45.917622,21.4,35.86,955.22
2024-07-09 11:23:46.928951,21.41,35.85,955.23
2024-07-09 11:23:47.925204,21.4,35.83,955.23
2024-07-09 11:23:48.930480,21.4,35.83,955.22
2024-07-09 11:23:49.933504,21.4,35.85,955.21
2024-07-09 11:23:50.937603,21.4,35.88,955.22
2024-07-09 11:23:51.932822,21.39,35.85,955.21
2024-07-09 11:23:52.944400,21.38,35.61,955.18
2024-07-09 11:23:53.941376,21.38,35.53,955.25
2024-07-09 11:23:54.947764,21.38,35.54,955.21
2024-07-09 11:23:55.949200,21.38,35.57,955.23
2024-07-09 11:23:56.947159,21.38,35.6,955.23
2024-07-09 11:23:57.953945,21.38,35.63,955.21
2024-07-09 11:23:58.951534,21.38,35.67,955.21
2024-07-09 11:23:59.957512,21.38,35.68,955.25
2024-07-09 11:24:00.962206,21.38,35.68,955.22
2024-07-09 11:24:01.959319,21.38,35.69,955.24
2024-07-09 11:24:02.963051,21.38,35.68,955.21
2024-07-09 11:24:03.968544,21.37,35.64,955.19
2024-07-09 11:24:04.967002,21.37,35.62,955.21
2024-07-09 11:24:05.972325,21.36,35.6,955.22
2024-07-09 11:24:06.975143,21.36,35.6,955.19
2024-07-09 11:24:07.975748,21.36,35.61,955.22
2024-07-09 11:24:08.982850,21.37,35.61,955.2
2024-07-09 11:24:09.983376,21.37,35.63,955.21
2024-07-09 11:24:10.983323,21.37,35.66,955.26
2024-07-09 11:24:11.987928,21.37,35.63,955.24
2024-07-09 11:24:12.991825,21.37,35.61,955.24
2024-07-09 11:24:13.989590,21.36,35.59,955.23
2024-07-09 11:24:14.995853,21.36,35.58,955.22
2024-07-09 11:24:15.993337,21.36,35.56,955.23
2024-07-09 11:24:16.998687,21.36,35.58,955.21
2024-07-09 11:24:17.995440,21.36,35.6,955.21
2024-07-09 11:24:19.007058,21.36,35.58,955.22
2024-07-09 11:24:20.005079,21.36,35.56,955.24
2024-07-09 11:24:21.008121,21.35,35.55,955.23
2024-07-09 11:24:22.012237,21.35,35.55,955.25
2024-07-09 11:24:23.017564,21.35,35.55,955.26
2024-07-09 11:24:24.014579,21.35,35.53,955.22
2024-07-09 11:24:25.018787,21.35,35.51,955.21
2024-07-09 11:24:26.021080,21.35,35.48,955.25
2024-07-09 11:24:27.025273,21.34,35.46,955.23
2024-07-09 11:24:28.022613,21.35,35.46,955.27
2024-07-09 11:24:29.030897,21.33,35.47,955.22
2024-07-09 11:24:30.025486,21.34,35.47,955.21
2024-07-09 11:24:31.031822,21.34,35.49,955.19
2024-07-09 11:24:32.032937,21.33,35.5,955.23
2024-07-09 11:24:33.036440,21.33,35.5,955.23
2024-07-09 11:24:34.038733,21.33,35.5,955.25
2024-07-09 11:24:35.040512,21.33,35.49,955.23
2024-07-09 11:24:36.043260,21.32,35.49,955.23
2024-07-09 11:24:37.047098,21.32,35.49,955.22
2024-07-09 11:24:38.043784,21.32,35.49,955.23
2024-07-09 11:24:39.049992,21.32,35.49,955.25
2024-07-09 11:24:40.055397,21.32,35.52,955.25
2024-07-09 11:24:41.055022,21.32,35.54,955.23
2024-07-09 11:24:42.054230,21.31,35.55,955.26
2024-07-09 11:24:43.063845,21.31,35.54,955.23
2024-07-09 11:24:44.065113,21.32,35.53,955.28
2024-07-09 11:24:45.063455,21.32,35.48,955.23
2024-07-09 11:24:46.067027,21.31,35.48,955.21
2024-07-09 11:24:47.069500,21.31,35.48,955.25
2024-07-09 11:24:48.073329,21.31,35.49,955.24
2024-07-09 11:24:49.075942,21.31,35.53,955.25
