Timestamp,Temperature (C),Humidity (%),Pressure (hPa)
2024-07-09 11:43:18.906866,28.96,73.27,955.09
2024-07-09 11:43:19.919458,29.06,74.15,955.04
2024-07-09 11:43:20.920462,28.97,72.75,955.05
2024-07-09 11:43:21.920158,28.85,69.1,955.09
2024-07-09 11:43:22.925338,29.14,73.41,955.05
2024-07-09 11:43:23.928446,29.13,74.63,955.03
2024-07-09 11:43:24.928642,28.87,70.21,955.06
2024-07-09 11:43:25.934191,29.13,73.2,955.04
2024-07-09 11:43:26.930269,28.99,72.22,955.05
2024-07-09 11:43:27.935444,28.83,67.46,955.08
2024-07-09 11:43:28.940302,29.02,71.42,955.05
2024-07-09 11:43:29.944636,28.94,71.43,955.08
2024-07-09 11:43:30.936895,28.79,67.43,955.05
2024-07-09 11:43:31.948724,29.04,72.51,955.03
2024-07-09 11:43:32.946042,28.98,73.48,955.06
2024-07-09 11:43:33.952469,28.91,73.3,955.03
2024-07-09 11:43:34.953964,28.98,73.9,955.03
2024-07-09 11:43:35.955477,28.8,69.41,955.09
2024-07-09 11:43:36.957448,28.85,69.87,955.08
2024-07-09 11:43:37.962176,28.82,68.81,955.09
2024-07-09 11:43:38.960134,28.86,70.45,955.04
2024-07-09 11:43:39.962893,28.92,72.48,955.06
2024-07-09 11:43:40.966523,28.92,73.0,955.0
2024-07-09 11:43:41.969046,28.87,72.13,955.08
2024-07-09 11:43:42.970619,28.84,70.94,955.05
2024-07-09 11:43:43.977887,28.87,72.15,955.03
2024-07-09 11:43:44.972499,28.87,72.44,955.07
2024-07-09 11:43:45.980038,28.77,70.14,955.05
2024-07-09 11:43:46.978675,28.83,70.67,955.02
2024-07-09 11:43:47.989018,28.93,73.41,954.99
2024-07-09 11:43:48.985812,28.72,70.7,955.05
2024-07-09 11:43:49.991386,28.83,72.32,955.06
2024-07-09 11:43:50.990889,28.81,72.34,955.07
2024-07-09 11:43:51.991837,28.81,72.34,955.04
2024-07-09 11:43:52.996631,28.82,72.99,955.05
2024-07-09 11:43:54.000098,28.65,68.38,955.04
2024-07-09 11:43:54.999676,28.8,72.11,955.06
2024-07-09 11:43:56.006418,28.73,71.19,955.09
2024-07-09 11:43:57.006854,28.55,66.94,955.05
2024-07-09 11:43:58.012708,28.6,68.26,955.05
2024-07-09 11:43:59.011431,28.59,67.76,955.03
2024-07-09 11:44:00.015349,28.66,69.92,955.05
2024-07-09 11:44:01.017911,28.77,71.91,955.05
2024-07-09 11:44:02.018732,28.91,73.71,955.02
2024-07-09 11:44:03.016549,29.01,74.78,955.01
2024-07-09 11:44:04.028205,29.02,75.22,955.01
2024-07-09 11:44:05.024852,29.05,75.71,955.01
2024-07-09 11:44:06.032783,29.15,76.11,955.02
2024-07-09 11:44:07.029618,29.29,76.52,955.03
2024-07-09 11:44:08.034921,29.06,75.34,955.02
2024-07-09 11:44:09.033113,29.18,76.2,955.01
2024-07-09 11:44:10.037107,29.18,76.63,955.01
2024-07-09 11:44:11.041023,29.09,75.32,955.03
2024-07-09 11:44:12.044847,28.97,73.39,954.99
2024-07-09 11:44:13.044421,29.03,74.65,954.99
2024-07-09 11:44:14.052484,29.04,74.59,954.99
2024-07-09 11:44:15.051639,28.9,72.59,955.04
2024-07-09 11:44:16.056132,29.01,74.37,955.0
2024-07-09 11:44:17.051832,28.63,67.56,955.03
2024-07-09 11:44:18.053996,28.61,67.35,955.03
2024-07-09 11:44:19.056512,28.95,73.44,954.99
2024-07-09 11:44:20.063533,28.71,72.2,955.05
2024-07-09 11:44:21.064450,28.47,67.35,955.04
2024-07-09 11:44:22.069077,28.85,73.41,955.04
2024-07-09 11:44:23.067373,28.89,75.02,955.03
2024-07-09 11:44:24.076793,28.49,69.93,955.01
2024-07-09 11:44:25.069288,28.71,72.78,955.02
2024-07-09 11:44:26.076213,28.84,74.93,955.07
2024-07-09 11:44:27.080391,28.83,75.67,955.05
2024-07-09 11:44:28.079560,28.56,72.02,955.04
2024-07-09 11:44:29.086677,28.76,74.56,955.04
2024-07-09 11:44:30.087621,28.66,73.78,955.08
2024-07-09 11:44:31.087399,28.65,73.46,955.02
2024-07-09 11:44:32.096438,28.57,71.14,955.06
2024-07-09 11:44:33.096406,28.39,66.1,955.01
2024-07-09 11:44:34.099633,28.7,72.47,955.03
2024-07-09 11:44:35.093766,28.8,74.73,955.06
2024-07-09 11:44:36.101744,28.42,70.15,955.02
2024-07-09 11:44:37.101713,28.71,73.59,955.0
2024-07-09 11:44:38.106847,28.55,72.3,955.06
2024-07-09 11:44:39.109080,28.47,69.85,955.04
2024-07-09 11:44:40.115088,28.71,73.69,955.04
2024-07-09 11:44:41.111313,28.48,71.41,955.05
2024-07-09 11:44:42.120790,28.58,72.33,955.02
2024-07-09 11:44:43.116515,28.65,73.66,955.04
2024-07-09 11:44:44.119341,28.43,68.77,955.03
2024-07-09 11:44:45.121863,28.68,73.03,955.03
2024-07-09 11:44:46.130536,28.67,74.29,955.06
2024-07-09 11:44:47.127339,28.54,73.27,955.04
2024-07-09 11:44:48.131732,28.53,72.43,955.02
2024-07-09 11:44:49.133619,28.7,74.93,955.05
2024-07-09 11:44:50.138792,28.51,73.03,955.04
2024-07-09 11:44:51.141126,28.68,74.83,955.04
2024-07-09 11:44:52.138854,28.63,74.58,955.03
2024-07-09 11:44:53.139497,28.63,74.31,955.04
2024-07-09 11:44:54.148004,28.68,74.9,955.0
2024-07-09 11:44:55.142709,28.61,73.61,955.02
2024-07-09 11:44:56.154516,28.66,74.03,955.02
2024-07-09 11:44:57.152076,28.71,74.89,955.07
2024-07-09 11:44:58.158299,28.64,74.17,955.04
2024-07-09 11:44:59.153885,28.72,75.26,955.07
2024-07-09 11:45:00.164351,28.58,73.11,955.04
2024-07-09 11:45:01.161978,28.72,75.06,955.02
2024-07-09 11:45:02.165466,28.66,74.72,955.04
2024-07-09 11:45:03.163871,28.41,68.21,955.03
2024-07-09 11:45:04.172034,28.47,70.19,955.02
2024-07-09 11:45:05.174181,28.68,74.29,955.01
2024-07-09 11:45:06.172493,28.81,76.11,955.03
2024-07-09 11:45:07.172372,28.64,75.43,955.08
2024-07-09 11:45:08.180560,28.45,73.71,955.01
2024-07-09 11:45:09.178199,28.71,75.97,955.02
2024-07-09 11:45:10.183540,28.75,76.61,955.02
2024-07-09 11:45:11.186022,28.51,73.99,955.03
2024-07-09 11:45:12.191962,28.71,75.98,955.0
2024-07-09 11:45:13.191413,28.46,72.35,955.02
2024-07-09 11:45:14.195093,28.49,71.76,955.03
2024-07-09 11:45:15.195858,28.74,75.37,955.0
2024-07-09 11:45:16.202229,28.53,74.44,955.07
2024-07-09 11:45:17.198702,28.55,74.48,955.02
2024-07-09 11:45:18.206991,28.44,70.76,955.04
2024-07-09 11:45:19.208182,28.25,66.71,955.01
2024-07-09 11:45:20.209972,28.57,72.87,955.05
2024-07-09 11:45:21.211335,28.77,75.71,955.07
2024-07-09 11:45:22.214730,28.44,74.42,955.02
2024-07-09 11:45:23.216008,28.55,74.83,955.03
2024-07-09 11:45:24.222640,28.42,71.34,955.03
2024-07-09 11:45:25.222755,28.51,72.38,955.03
2024-07-09 11:45:26.227932,28.66,75.27,955.05
2024-07-09 11:45:27.225714,28.64,76.08,955.05
2024-07-09 11:45:28.228283,28.45,74.05,955.02
2024-07-09 11:45:29.229631,28.39,70.7,954.99
2024-07-09 11:45:30.236859,28.39,69.58,955.03
2024-07-09 11:45:31.235802,28.42,70.24,955.03
2024-07-09 11:45:32.237541,28.43,71.9,955.01
2024-07-09 11:45:33.239427,28.57,74.29,954.98
2024-07-09 11:45:34.241805,28.77,76.01,955.02
2024-07-09 11:45:35.242166,28.93,76.98,955.02
2024-07-09 11:45:36.249143,28.56,74.95,955.08
2024-07-09 11:45:37.244972,28.53,73.73,955.04
2024-07-09 11:45:38.255678,28.65,75.09,955.02
2024-07-09 11:45:39.255064,28.58,73.95,955.06
2024-07-09 11:45:40.255877,28.5,72.21,955.04
2024-07-09 11:45:41.261916,28.6,74.5,955.04
2024-07-09 11:45:42.259193,28.47,72.62,955.03
2024-07-09 11:45:43.260357,28.58,74.42,955.03
2024-07-09 11:45:44.269734,28.61,75.11,955.05
2024-07-09 11:45:45.268399,28.63,75.57,955.04
2024-07-09 11:45:46.275615,28.46,71.96,955.02
2024-07-09 11:45:47.272134,28.63,74.41,955.02
2024-07-09 11:45:48.281889,28.47,72.52,955.03
2024-07-09 11:45:49.275145,28.5,72.66,955.01
2024-07-09 11:45:50.278900,28.46,71.0,955.03
2024-07-09 11:45:51.287121,28.51,72.22,954.99
2024-07-09 11:45:52.291419,28.61,74.49,955.04
2024-07-09 11:45:53.286690,28.37,70.65,954.97
2024-07-09 11:45:54.296464,28.55,73.69,955.02
2024-07-09 11:45:55.296395,28.4,71.63,955.02
2024-07-09 11:45:56.300956,28.24,65.9,954.99
2024-07-09 11:45:57.299375,28.14,62.4,954.96
2024-07-09 11:45:58.299650,28.41,70.29,954.98
2024-07-09 11:45:59.305190,28.64,73.97,954.99
2024-07-09 11:46:00.309737,28.67,75.38,955.0
2024-07-09 11:46:01.305833,28.49,74.79,955.07
2024-07-09 11:46:02.312970,28.35,73.65,954.97
2024-07-09 11:46:03.314802,28.56,75.0,955.04
2024-07-09 11:46:04.319622,28.71,76.07,955.01
2024-07-09 11:46:05.319683,28.84,76.8,955.04
2024-07-09 11:46:06.326017,28.89,77.09,955.04
2024-07-09 11:46:07.325039,28.89,77.19,954.99
2024-07-09 11:46:08.330506,29.12,77.87,955.04
2024-07-09 11:46:09.323542,29.18,78.15,954.99
2024-07-09 11:46:10.328825,28.79,75.49,955.01
2024-07-09 11:46:11.332780,28.95,76.6,954.98
2024-07-09 11:46:12.336221,29.06,77.56,954.99
2024-07-09 11:46:13.340197,28.87,76.08,955.03
2024-07-09 11:46:14.342428,29.0,77.27,954.99
2024-07-09 11:46:15.344476,28.93,76.55,955.04
2024-07-09 11:46:16.342509,28.83,75.77,955.02
2024-07-09 11:46:17.349464,28.93,77.26,954.99
2024-07-09 11:46:18.347225,28.71,75.46,955.04
2024-07-09 11:46:19.347835,28.83,76.81,955.03
2024-07-09 11:46:20.353259,28.65,74.55,955.03
2024-07-09 11:46:21.358925,28.78,76.25,955.02
2024-07-09 11:46:22.356950,28.81,77.15,955.02
2024-07-09 11:46:23.358493,28.78,77.37,955.05
2024-07-09 11:46:24.363302,28.75,77.38,955.03
2024-07-09 11:46:25.369577,28.79,77.68,955.03
2024-07-09 11:46:26.373449,28.77,77.74,955.04
2024-07-09 11:46:27.369832,28.6,74.69,955.02
2024-07-09 11:46:28.379330,28.75,76.76,955.03
2024-07-09 11:46:29.374070,28.73,77.42,955.01
2024-07-09 11:46:30.378928,28.5,73.28,955.02
2024-07-09 11:46:31.378433,28.68,75.78,955.0
2024-07-09 11:46:32.389149,28.63,75.82,955.05
2024-07-09 11:46:33.388459,28.39,71.53,955.0
2024-07-09 11:46:34.387400,28.43,71.65,955.02
2024-07-09 11:46:35.393311,28.38,70.43,955.04
2024-07-09 11:46:36.398890,28.64,74.79,955.04
2024-07-09 11:46:37.399107,28.74,76.68,955.03
2024-07-09 11:46:38.402678,28.71,77.22,955.03
2024-07-09 11:46:39.403364,28.71,77.54,955.05
2024-07-09 11:46:40.401436,28.72,77.82,955.06
2024-07-09 11:46:41.408760,28.72,78.03,955.03
2024-07-09 11:46:42.414122,28.72,78.16,955.07
2024-07-09 11:46:43.407664,28.72,78.22,955.03
2024-07-09 11:46:44.411991,28.71,77.96,955.08
2024-07-09 11:46:45.412321,28.53,75.33,955.07
2024-07-09 11:46:46.419054,28.62,76.83,955.04
2024-07-09 11:46:47.416097,28.6,76.82,955.05
2024-07-09 11:46:48.421911,28.48,75.08,955.02
2024-07-09 11:46:49.425184,28.58,76.8,955.06
2024-07-09 11:46:50.432943,28.48,75.99,955.06
2024-07-09 11:46:51.432778,28.48,75.58,955.02
2024-07-09 11:46:52.437043,28.52,76.8,955.04
2024-07-09 11:46:53.431180,28.38,74.76,955.03
2024-07-09 11:46:54.435361,28.44,75.11,955.02
2024-07-09 11:46:55.440312,28.5,76.6,955.04
2024-07-09 11:46:56.442316,28.27,71.77,955.0
2024-07-09 11:46:57.446746,28.28,71.11,955.03
2024-07-09 11:46:58.451160,28.66,75.81,955.06
2024-07-09 11:46:59.448193,28.36,74.38,955.09
2024-07-09 11:47:00.456597,28.25,70.08,955.03
2024-07-09 11:47:01.454262,28.56,74.42,955.03
2024-07-09 11:47:02.461306,28.62,76.17,955.06
2024-07-09 11:47:03.456035,28.3,71.74,955.02
2024-07-09 11:47:04.464654,28.59,75.02,955.04
2024-07-09 11:47:05.460231,28.53,74.99,955.11
2024-07-09 11:47:06.465659,28.35,71.79,954.99
2024-07-09 11:47:07.467665,28.57,75.15,955.03
2024-07-09 11:47:08.477111,28.58,76.03,955.05
2024-07-09 11:47:09.471404,28.37,72.57,955.01
2024-07-09 11:47:10.479058,28.61,75.53,955.03
2024-07-09 11:47:11.475891,28.35,72.22,954.99
2024-07-09 11:47:12.479335,28.52,74.04,955.05
2024-07-09 11:47:13.485217,28.59,75.24,955.07
2024-07-09 11:47:14.485296,28.43,73.46,955.01
2024-07-09 11:47:15.490081,28.57,75.31,955.04
2024-07-09 11:47:16.490490,28.58,75.99,955.03
2024-07-09 11:47:17.496184,28.44,73.45,955.04
2024-07-09 11:47:18.493875,28.57,75.13,955.04
2024-07-09 11:47:19.495944,28.61,75.89,955.02
2024-07-09 11:47:20.505708,28.6,76.41,955.05
2024-07-09 11:47:21.505735,28.49,74.74,955.03
2024-07-09 11:47:22.503414,28.54,74.97,955.03
2024-07-09 11:47:23.507943,28.56,75.8,955.06
2024-07-09 11:47:24.515427,28.48,74.38,955.06
2024-07-09 11:47:25.508762,28.51,74.28,955.03
2024-07-09 11:47:26.515946,28.5,74.2,955.02
2024-07-09 11:47:27.517485,28.39,71.53,955.0
2024-07-09 11:47:28.519613,28.65,75.41,955.06
2024-07-09 11:47:29.523979,28.63,76.1,955.04
2024-07-09 11:47:30.530159,28.46,74.77,955.01
2024-07-09 11:47:31.528634,28.6,75.85,955.04
2024-07-09 11:47:32.534827,28.34,70.05,954.99
2024-07-09 11:47:33.533921,28.62,74.13,955.02
2024-07-09 11:47:34.536248,28.63,74.93,955.07
2024-07-09 11:47:35.538101,28.36,70.0,955.01
2024-07-09 11:47:36.541484,28.63,74.07,955.02
2024-07-09 11:47:37.540033,28.71,75.97,955.04
2024-07-09 11:47:38.545245,28.41,71.85,955.02
2024-07-09 11:47:39.544704,28.62,73.93,955.01
2024-07-09 11:47:40.553904,28.71,75.46,955.03
2024-07-09 11:47:41.553838,28.46,71.53,955.02
2024-07-09 11:47:42.554880,28.48,70.37,955.02
2024-07-09 11:47:43.558555,28.75,74.65,955.0
2024-07-09 11:47:44.560061,28.8,76.19,955.03
2024-07-09 11:47:45.565203,28.67,75.66,955.03
2024-07-09 11:47:46.564812,28.48,71.06,955.03
2024-07-09 11:47:47.568691,28.44,67.15,954.99
2024-07-09 11:47:48.574417,28.57,70.74,955.02
2024-07-09 11:47:49.572493,28.57,73.08,954.99
2024-07-09 11:47:50.577691,28.59,73.74,955.0
2024-07-09 11:47:51.578320,28.7,74.81,955.01
2024-07-09 11:47:52.578249,28.75,75.42,954.99
2024-07-09 11:47:53.581550,28.81,75.83,955.01
2024-07-09 11:47:54.590400,28.86,76.19,955.04
2024-07-09 11:47:55.582056,28.86,76.21,955.0
2024-07-09 11:47:56.589324,28.81,75.46,955.04
2024-07-09 11:47:57.591488,28.8,75.22,955.02
2024-07-09 11:47:58.599385,28.88,76.24,955.04
2024-07-09 11:47:59.598558,29.0,77.04,954.99
2024-07-09 11:48:00.599526,28.71,72.59,955.02
2024-07-09 11:48:01.604051,28.65,69.95,954.99
2024-07-09 11:48:02.600981,28.73,72.62,954.99
2024-07-09 11:48:03.604242,28.82,75.02,955.02
2024-07-09 11:48:04.613373,28.95,76.37,954.96
2024-07-09 11:48:05.614162,29.26,77.49,954.96
2024-07-09 11:48:06.616336,29.35,77.86,955.0
2024-07-09 11:48:07.612513,29.37,77.95,954.99
2024-07-09 11:48:09.624080,29.56,78.51,954.97
2024-07-09 11:48:10.628171,29.13,76.04,955.0
2024-07-09 11:48:11.626459,29.39,77.87,955.03
2024-07-09 11:48:12.633188,29.49,78.69,955.01
2024-07-09 11:48:13.631691,29.45,78.39,955.01
2024-07-09 11:48:14.637130,28.88,74.15,955.04
2024-07-09 11:48:15.635567,28.9,74.67,954.99
2024-07-09 11:48:16.643345,29.03,77.27,955.02
2024-07-09 11:48:17.635182,28.82,75.64,955.06
2024-07-09 11:48:18.647553,28.68,72.41,955.04
2024-07-09 11:48:19.648168,28.85,75.73,955.0
2024-07-09 11:48:20.650242,28.85,76.9,955.04
2024-07-09 11:48:21.652004,28.65,74.12,955.04
2024-07-09 11:48:22.654240,28.56,70.07,955.03
2024-07-09 11:48:23.656204,28.5,67.04,955.02
2024-07-09 11:48:24.660158,28.62,71.53,954.97
2024-07-09 11:48:25.659249,28.81,75.15,955.03
2024-07-09 11:48:26.661210,28.64,75.53,955.05
